@string{june = {June}}

@book{mcgrail2004,
  author = {{McGrail}, S.},
  publisher = {Oxford University Press},
  title = {Boats of the World},
  year = {2004}
}
